<record><leader>00000cas a22000007a 4500</leader><controlfield tag="001">32583942</controlfield><controlfield tag="008">950601d1950195upaumr ne      0    0eng d</controlfield><datafield ind1=" " ind2=" " tag="010"><subfield code="a">sn 95068809 </subfield></datafield><datafield ind1=" " ind2=" " tag="040"><subfield code="a">MGN</subfield><subfield code="b">eng</subfield><subfield code="c">MGN</subfield><subfield code="d">OCLCQ</subfield><subfield code="d">OCLCF</subfield><subfield code="d">OCLCO</subfield><subfield code="d">OCLCQ</subfield></datafield><datafield ind1=" " ind2=" " tag="042"><subfield code="a">msc</subfield></datafield><datafield ind1=" " ind2=" " tag="043"><subfield code="a">n-us---</subfield></datafield><datafield ind1=" " ind2=" " tag="096"><subfield code="a">015006512</subfield></datafield><datafield ind1="0" ind2="0" tag="245"><subfield code="a">Jewish mail.</subfield></datafield><datafield ind1=" " ind2=" " tag="260"><subfield code="a">B'klyn [i.e. Brooklyn], N.Y. :</subfield><subfield code="b">M.J. Nurenberger</subfield></datafield><datafield ind1=" " ind2=" " tag="300"><subfield code="a">v.</subfield></datafield><datafield ind1=" " ind2=" " tag="310"><subfield code="a">Monthly,</subfield><subfield code="b">Dec. 1952-&lt;Oct. 1953&gt;</subfield></datafield><datafield ind1=" " ind2=" " tag="321"><subfield code="a">Weekly,</subfield><subfield code="b">&lt;Feb. 2, 1951&gt;-Nov. 28, 1952</subfield></datafield><datafield ind1="1" ind2=" " tag="362"><subfield code="a">Began in 1950?</subfield></datafield><datafield ind1=" " ind2=" " tag="500"><subfield code="a">Published in Easton, Pa., &lt;July 18, 1952-Oct. 1953&gt;.</subfield></datafield><datafield ind1=" " ind2=" " tag="500"><subfield code="a">Issues for Nov. 21, 1952-&lt;Sept. 1953&gt; called: City ed.</subfield></datafield><datafield ind1=" " ind2=" " tag="500"><subfield code="a">Issued also in a regional ed. for Detroit, &lt;1952&gt; and a national ed., &lt;1953&gt;.</subfield></datafield><datafield ind1=" " ind2=" " tag="588"><subfield code="a">Description based on: Vol. 2, no. 4 (Feb. 2, 1951).</subfield></datafield><datafield ind1=" " ind2="0" tag="650"><subfield code="a">Jewish newspapers</subfield><subfield code="z">United States.</subfield></datafield><datafield ind1=" " ind2="7" tag="650"><subfield code="a">Jewish newspapers.</subfield><subfield code="2">fast</subfield><subfield code="0">(OCoLC)fst00982872</subfield></datafield><datafield ind1=" " ind2="7" tag="651"><subfield code="a">United States.</subfield><subfield code="2">fast</subfield><subfield code="0">(OCoLC)fst01204155</subfield></datafield><datafield ind1=" " ind2=" " tag="752"><subfield code="a">United States</subfield><subfield code="b">Pennsylvania</subfield><subfield code="c">Northampton</subfield><subfield code="d">Easton.</subfield></datafield><datafield ind1=" " ind2=" " tag="752"><subfield code="a">United States</subfield><subfield code="b">New York</subfield><subfield code="c">Kings</subfield><subfield code="d">Brooklyn.</subfield></datafield><datafield ind1="1" ind2=" " tag="029"><subfield code="a">AU@</subfield><subfield code="b">000011737998</subfield></datafield></record>